<?xml version="1.0" encoding="UTF-8"?><collection xmlns="http://www.loc.gov/MARC21/slim"><record><leader>00417nam--2200169-i-4500</leader><controlfield tag="001">000040458</controlfield><controlfield tag="002">20161230</controlfield><controlfield tag="005">20161230201042</controlfield><controlfield tag="008">060222s1000------------r-----000-0-eng-d</controlfield><datafield ind1=" " ind2=" " tag="040"><subfield code="a">IFIN-HH</subfield></datafield><datafield ind1=" " ind2=" " tag="080"><subfield code="a">539.124.172</subfield></datafield><datafield ind1="1" ind2=" " tag="100"><subfield code="a">Rymer, T.B</subfield></datafield><datafield ind1="1" ind2="0" tag="245"><subfield code="a">Electron diffraction</subfield><subfield code="c">T.b. rymer</subfield></datafield><datafield ind1=" " ind2=" " tag="260"><subfield code="a">London</subfield><subfield code="b">Methuen &amp; Co.Ltd</subfield><subfield code="c">1970</subfield></datafield><datafield ind1=" " ind2=" " tag="300"><subfield code="a">X + 165P</subfield></datafield><datafield ind1=" " ind2=" " tag="852"><subfield code="a">35276</subfield><subfield code="c">539.12</subfield></datafield><datafield ind1=" " ind2=" " tag="CAT"><subfield code="a">Sys</subfield><subfield code="c">20111122</subfield><subfield code="h">114012</subfield></datafield></record></collection>